@book{Sanders:2010:CEI:1891996,
 author = {Sanders, Jason and Kandrot, Edward},
 title = {{CUDA} by Example: An Introduction to General-Purpose {GPU} Programming},
 year = {2010},
 isbn = {0131387685, 9780131387683},
 edition = {1st},
 publisher = {Addison-Wesley Professional},
}

@book{Kirk:2010:PMP:1841511,
 author = {Kirk, David B. and Hwu, Wen-mei W.},
 title = {Programming Massively Parallel Processors: A Hands-on Approach},
 year = {2010},
 isbn = {0123814723, 9780123814722},
 edition = {1st},
 publisher = {Morgan Kaufmann Publishers Inc.},
 address = {San Francisco, CA, USA},
}

@book{opac-b1133063,
   title = "Parallel programming: for multicore and cluster systems",
   author = "Rauber, Thomas and RÃ¼nger, Gudula",
   publisher = "Springer-Verlag",
   address = "Berlin",
   url = "http://opac.inria.fr/record=b1133063",
   isbn = "978-3-642-04817-3",
   year = 2010
}

@article{Grcar2011163,
title = "How ordinary elimination became Gaussian elimination ",
journal = "Historia Mathematica ",
volume = "38",
number = "2",
pages = "163 - 218",
year = "2011",
note = "",
issn = "0315-0860",
doi = "http://dx.doi.org/10.1016/j.hm.2010.06.003",
howpublished = "\url{//www.sciencedirect.com/science/article/pii/S0315086010000376}",
author = "Joseph F. Grcar",
keywords = "Algebra before 1800",
keywords = "Gaussian elimination",
keywords = "Human computers",
keywords = "Least squares method",
keywords = "Mathematics education "
}

@techreport{Introduction-to-GPUs,
  title = "Introduction-to-{GPUs}",
  author = "Ofer Rosenberg, PMTS SW, OpenCL Dev. Team AMD",
  institution = "Haifux",
  year = "2012",
  note  = "\url{http://haifux.org/lectures/267/Introduction-to-GPUs.pdf}"
}

@misc{nvidia_kepler_2012,
  author = {{NVIDIA}},
  url = {http://www.nvidia.com/content/PDF/kepler/NVIDIA-Kepler-GK110-Architecture-Whitepaper.pdf},
  biburl = {https://www.bibsonomy.org/bibtex/2785bc16eb1a244d97a6ce47593f3c596/neurokernel},
  interhash = {2554b5e359ae0787691cc05a941ee9d5},
  intrahash = {785bc16eb1a244d97a6ce47593f3c596},
  keywords = {cuda gpu},
  publisher = {{NVIDIA}},
  timestamp = {2014-01-19T15:16:06.000+0100},
  title = {Kepler {GK110} Whitepaper},
  url = {http://www.nvidia.com/content/PDF/kepler/NVIDIA-Kepler-GK110-Architecture-Whitepaper.pdf},
  year = {2012}
}

@misc{wiki:gaussian,
   author = "Wikipedia",
   title = "Gaussian elimination",
   year = "2 February 2017",
   howpublished = "\url{https://en.wikipedia.org/wiki/Gaussian_elimination}",
   note = "[Online; accessed 7-Feb-2017]"
 }

@inproceedings{parmeth,
    author  = {Gergel V. P.},
    title   = {Parallel Methods for Solving Linear Equation Systems},
    organization = {NNSU, Nizhni Novgorod},
    year    = {2006},
 }

@techreport{pipelinecomp,
 	author = "Danny Luong",
 	title = "Pipeline Computations Pipelined Addition \& System of Linear Equations",
  howpublished  = "\url{http://www.cpp.edu/~gsyoung/CS370/14Sp/pipeline_computations_kla%20Danny.pdf}",
 	year = "2014",
 }

%images:
@misc{wiki:CPU_block_dia,
   author = "R. S. Shaw",
   title = "{CPU} block diagram.svg",
   year = "2 February 2017",
   howpublished = "\url{https://upload.wikimedia.org/wikipedia/commons/5/52/CPU_block_diagram.svg}",
   note = "[Online; accessed 18-Feb-2017]"
 }

@misc{tatourian, title={{NVIDIA} {GPU} Architecture and {CUDA} Programming Environment}, howpublished ="\url{https://code.msdn.microsoft.com/windowsdesktop/NVIDIA-GPU-Architecture-45c11e6d}", journal={Windows NVIDIA GPU Architecture \& CUDA Programming Environment sample in C for Visual Studio 2012}, author={Tatourian, Alan},
note = "[Online; accessed 19-Feb-2017]"
}

@misc{toolkit, title={PTX ISA :: {CUDA} Toolkit Documentation}, howpublished ="\url{http://docs.nvidia.com/cuda/parallel-thread-execution/index.html#grid-of-cooperative-thread-arrays__thread-batching}", journal={PTX ISA :: CUDA Toolkit Documentation}, author={NVIDIA},
note = "[Online; accessed 19-Feb-2017]"
}

@misc{stack:overflow_2014, title={Stackoverflow: "{Calculate} the sum of values in an array using renderscript"}, howpublished ="\url{http://stackoverflow.com/questions/21734275/calculate-the-sum-of-values-in-an-array-using-renderscript}", journal={Stack Overflow}, year={2014}, month={Feb}, note = "[Online; accessed 19-Feb-2017]"}